% This file was created with JabRef 2.9.2.
% Encoding: UTF8

@BOOK{Anderson1995,
  title = {Computational Fluid Dynamics},
  publisher = {McGraw-Hill International Editions},
  year = {1995},
  author = {J. D. Anderson},
  owner = {gerhard},
  timestamp = {2012.05.24}
}

@PHDTHESIS{hill1998,
  author = {David P. Hill},
  title = {The computer simulation of dispersed two-phase flows},
  school = {Imperial College of Science, Technology and Medicine},
  year = {1998},
  owner = {gerhard},
  timestamp = {2012.05.25}
}

@PHDTHESIS{marschallPhD,
  author = {Marschall, Holger},
  title = {Towards the Numerical Simulation of Multi-Scale Two-Phase Flows},
  school = {Technische Universität München},
  year = {2011},
  owner = {gerhard},
  timestamp = {2015.03.17}
}

@ARTICLE{mcGraw1997,
  author = {McGraw, R.},
  title = {Description of aerosol dynamics by the quadrature method of moments},
  journal = {Aerosol Science and Technology},
  year = {1997},
  volume = {27},
  pages = {255-265},
  owner = {gerhard},
  timestamp = {2015.02.27}
}

@BOOK{pope2000,
  title = {Turbulent Flows},
  publisher = {Cambridge University Press},
  year = {2000},
  author = {S. P. Pope},
  owner = {gerhard},
  timestamp = {2012.07.13}
}

@PHDTHESIS{rusche2002,
  author = {Henrik Rusche},
  title = {Computational Fluid Dynamics of dispersed two-phase flows at high
	phase fractions},
  school = {Imperial College of Science, Technology \& Medicine},
  year = {2002},
  owner = {gerhard},
  timestamp = {2012.05.18}
}

@BOOK{versteegMalalasekera1995,
  title = {An introduction to computational fluid dynamics -- the finite volume
	method},
  publisher = {Longman Scientific \& Technical},
  year = {1995},
  author = {Versteeg, H. K. and Malalasekera, W.},
  owner = {gerhard},
  timestamp = {2015.04.06}
}

@TECHREPORT{openCFD2005,
  author = {Weller, H. G.},
  title = {Derivation, Modelling and Solution of the Conditionally Averaged
	Two-Phase Flow Equations},
  institution = {OpenCFD},
  year = {2005},
  owner = {gerhard},
  timestamp = {2014.03.15}
}

@MISC{weller1993,
  author = {Weller, H. G.},
  title = {The development of a new flame aera Combustion model using conditional
	averaging},
  month = {March},
  year = {1993},
  note = {Thermo-Fluids Section Report TF/9307},
  owner = {gerhard},
  timestamp = {2015.03.05}
}

@ARTICLE{weller1998,
  author = {Weller, H. G. and Tabor, G. and Jasak, H. and Fureby, C.},
  title = {A tensorial approach to computational continuum mechanics using object-oriented
	techniques},
  journal = {Computers in Physics},
  year = {1998},
  volume = {12},
  pages = {620-631},
  owner = {gerhard},
  timestamp = {2014.03.15}
}

@ARTICLE{weller1992,
  author = {Welleraa, H. G. and Tabor, G. and Jasak, H. and Fureby, C.},
  title = {A tensorial approach to computational continuum mechanics using object-oriented
	techniques},
  journal = {Computers in Physics},
  year = {1998},
  volume = {12},
  pages = {620-631},
  owner = {gerhard},
  timestamp = {2014.03.15}
}

@comment{jabref-meta: selector_publisher:}

@comment{jabref-meta: selector_author:}

@comment{jabref-meta: selector_journal:}

@comment{jabref-meta: selector_keywords:}

